\begin{thebibliography}{00}

    \bibitem{b1} "Student Enrollment for Regular Courses of Colleges, 2015-16", Data.gov.in, 2020. [Online]. Available: https://data.gov.in/resources/student-enrollment-regular-courses-colleges-2015-16.

    \bibitem{b2} Agrawal, Rakesh, and Ramakrishnan Srikant. ”Fast algorithms for mining association rules.” In Proc. 20th int. conf. very large data bases, VLDB, vol. 1215, pp. 487-499. 1994.

    \bibitem{b3} Nadig, "Implementing K Means Clustering from Scratch - in Python", The Nadig Blog, 2020. [Online]. Available: http://madhugnadig.com/articles/machine-learning/2017/03/04/implementing-k-means-clustering-from-scratch-in-python.html.

    \bibitem{b4} R. C, "Ravi-0809/data\_mining", GitHub, 2020. [Online]. Available: https://github.com/Ravi-0809/data\_mining.

    \bibitem{b5} "Basic Information of Colleges, 2015-16", Data.gov.in, 2020. [Online]. Available: https://data.gov.in/resources/basic-information-colleges-2015-16.

\end{thebibliography}